see http://en.wikipedia.org/wiki/Bibtex#Examples
and http://www.bibtex.org/Using/

HOW TO CITE
~\cite{XXX}
replace XXX with for example ex1-tutorial-lecture to cite the Tutorial Lecture

@misc{lab-compendium,
    title   = "Lab Assignments in {TDT4255} Computer Design",
    author = "Department of Computer and Information Science, NTNU",
    institution = "Department of Computer and Information Science, NTNU",
    howpublished = {\url{http://www.idi.ntnu.no/emner/tdt4255/_media/kompendium.pdf}},
}

@misc{mips-ref,
    title   = "{MIPS} Instruction Reference",
    author = "James F. Frenzel",
    institution  = "University of Idaho",
    howpublished = {\url{http://www.mrc.uidaho.edu/mrc/people/jff/digital/MIPSir.html}},
}

@misc{modelsim,
    title   = "{ModelSim}",
    author  = "Mentor Graphics",
    howpublished = {\url{http://www.mentor.com/products/fpga/model}},
}

@misc{hazards-lecture,
    title   = "{TDT4255} h2013 Lecture 7",
    author  = "Donn Morrison",
    howpublished =
    {\url{https://www.idi.ntnu.no/emner/tdt4255/_media/forelesning7-2013.pdf}},
}

@misc{wiki-branching,
    title   = "Branch prediction",
    author  = "Wikipedia",
    howpublished = {\url{http://en.wikipedia.org/wiki/Branch_prediction}},
}
